
@article{boulic:91,
    author = {Marciel Berlezi, Tiago A. Rizzetti},
    title = {Otimização e Atualização do Sistema de Máquinas Virtuais do CTISM},
    journal = {Escola regional de redes de computação},
    year = {2023},
}
